@article{cramer,
  author = {Jan Salomon Cramer},
  date = {2002},
  title = {The Origins of Logistic Regression},
  journal = {TI}
}

@article{friedman,
  author = {Jerome H. Friedman},
  title = {Greedy Function Approximation: A Gradient Boosting Machine.},
  year = {1999}
}

@article{cunningham,
  author = {PÃ¡draig Cunningham and Sarah Jane Delany},
  journal = {ACM Computing Surveys},
  title = {k-Nearest Neighbour Classifiers - A Tutorial},
  year = {2021}
}

@article{novakovic,
  author = {Jasmina Novakovic and Alempije Veljovic},
  journal = {IEEE 9th International Symposium on Intelligent Systems and Informatics},
  title = {C-Support Vector Classification: Selection of Kernel and Parameters in Medical Diagnosis},
  year = {2011}, 
  doi = {doi:10.1109/sisy.2011.6034373}
}

@article{cutler,
  author = {Adele Cutler and David Richard Cutler and John R. Stevens},
  journal = {Ensemble Machine Learning},
  title = {Random Forests},
  year = {2012},
  pages = {157 - 175},
  doi = {http://dx.doi.org/10.1007/978-1-4419-9326-7_5}
}

@article{chen,
  author = {Tianqi Chen and Carlos Guestrin},
  title = {XGBoost: {A} Scalable Tree Boosting System},
  journal = {CoRR},
  volume = {abs/1603.02754},
  year = {2016},
  doi = {https://doi.org/10.48550/arXiv.1603.02754},
}